<?xml version="1.0" encoding="UTF-8" ?>
<collection xmlns:xsi="http://www.w3.org/2001/XMLSchema-instance"
    xsi:schemaLocation="http://www.loc.gov/MARC21/slim
        http://www.loc.gov/standards/marcxml/schema/MARC21slim.xsd"
    xmlns="http://www.loc.gov/MARC21/slim">
<record>
  <leader>00282cam a2200553 i 4500</leader>
  <controlfield tag="001">b12760559</controlfield>
  <controlfield tag="003">LeBAU</controlfield>
  <controlfield tag="005">20170123</controlfield>
  <controlfield tag="008">971106s1909    mr            000 0 ara d</controlfield>
  <datafield tag="035" ind1=" " ind2=" ">
    <subfield code="a">ocn784505637</subfield>
  </datafield>
  <datafield tag="040" ind1=" " ind2=" ">
    <subfield code="a">LEAUB</subfield>
    <subfield code="b">ara</subfield>
    <subfield code="e">rda</subfield>
    <subfield code="c">LEAUB</subfield>
    <subfield code="d">LEAUB</subfield>
  </datafield>
  <datafield tag="082" ind1="0" ind2="4">
    <subfield code="a">349.297</subfield>
    <subfield code="2">20</subfield>
  </datafield>
  <datafield tag="100" ind1="0" ind2=" ">
    <subfield code="6">880-01</subfield>
    <subfield code="a">Averroës,</subfield>
    <subfield code="d">1126-1198,</subfield>
    <subfield code="e">author.</subfield>
  </datafield>
  <datafield tag="245" ind1="1" ind2="0">
    <subfield code="6">880-02</subfield>
    <subfield code="a">Kitāb Bidāyat al-mujtahid wa-nihāyat al-muqtaṣid /</subfield>
    <subfield code="c">lil-shaykh al-imām al-ḥāfiẓ al-nāqid al-baḥr al-zākhir Abī al-Walīd Muḥammad ibn Aḥmad ibn al-Imām al-shahīr ḥāmil liwā’ al-madhhab wa-ḥidhāmuh Abī al-Walīd Muḥammad ibn Aḥmad ibn Rushd al-Qurṭubī.</subfield>
  </datafield>
  <datafield tag="246" ind1="3" ind2="0">
    <subfield code="6">880-03</subfield>
    <subfield code="a">Bidāyat al-mujtahid wa-nihāyat al-muqtaṣid</subfield>
  </datafield>
  <datafield tag="264" ind1=" " ind2="1">
    <subfield code="6">880-04</subfield>
    <subfield code="a">Fās :</subfield>
    <subfield code="b">al-Maṭba‘ah al-Mawlawīyah,</subfield>
    <subfield code="c">1327 [H.], [1909? M.]</subfield>
  </datafield>
  <datafield tag="300" ind1=" " ind2=" ">
    <subfield code="6">880-05</subfield>
    <subfield code="a">2 volumes ;</subfield>
    <subfield code="c">29 cm</subfield>
  </datafield>
  <datafield tag="336" ind1=" " ind2=" ">
    <subfield code="a">text</subfield>
    <subfield code="b">txt</subfield>
    <subfield code="2">rdacontent</subfield>
  </datafield>
  <datafield tag="337" ind1=" " ind2=" ">
    <subfield code="a">unmediated</subfield>
    <subfield code="b">n</subfield>
    <subfield code="2">rdamedia</subfield>
  </datafield>
  <datafield tag="338" ind1=" " ind2=" ">
    <subfield code="a">volume</subfield>
    <subfield code="b">nc</subfield>
    <subfield code="2">rdacarrier</subfield>
  </datafield>
  <datafield tag="590" ind1=" " ind2=" ">
    <subfield code="a">في المكتبة: الجزء 1.</subfield>
  </datafield>
  <datafield tag="650" ind1=" " ind2="4">
    <subfield code="a">الفقه الاسلامي</subfield>
    <subfield code="v">اعمال قديمة حتى 1800.</subfield>
  </datafield>
  <datafield tag="650" ind1=" " ind2="4">
    <subfield code="a">الفقه الاسلامي</subfield>
    <subfield code="x">تفسير وبنية</subfield>
    <subfield code="v">اعمال قديمة حتى 1800.</subfield>
  </datafield>
  <datafield tag="650" ind1=" " ind2="4">
    <subfield code="a">المذهب المالكي</subfield>
    <subfield code="v">اعمال قديمة حتى 1800.</subfield>
  </datafield>
  <datafield tag="650" ind1=" " ind2="4">
    <subfield code="a">الاسلام</subfield>
    <subfield code="x">عقائد</subfield>
    <subfield code="v">اعمال قديمة حتى 1800.</subfield>
  </datafield>
  <datafield tag="650" ind1=" " ind2="0">
    <subfield code="a">Islamic law</subfield>
    <subfield code="v">Early works to 1800.</subfield>
  </datafield>
  <datafield tag="650" ind1=" " ind2="0">
    <subfield code="a">Islamic law</subfield>
    <subfield code="x">Interpretation and construction</subfield>
    <subfield code="v">Early works to 1800.</subfield>
  </datafield>
  <datafield tag="650" ind1=" " ind2="0">
    <subfield code="a">Malikites</subfield>
    <subfield code="v">Early works to 1800.</subfield>
  </datafield>
  <datafield tag="650" ind1=" " ind2="0">
    <subfield code="a">Islam</subfield>
    <subfield code="x">Doctrines</subfield>
    <subfield code="v">Early works to 1800.</subfield>
  </datafield>
  <datafield tag="767" ind1="0" ind2=" ">
    <subfield code="6">880-10</subfield>
    <subfield code="i">Translated as:</subfield>
    <subfield code="t">Distinguished jurist's primer: a translation of Bidayat al-mujtahid.</subfield>
    <subfield code="b">1st ed.</subfield>
    <subfield code="d">London : Center for Muslim Contribution to Civilization, c1994</subfield>
    <subfield code="w">(OCoLC)31812369</subfield>
    <subfield code="w">(OCoLC)31812369</subfield>
  </datafield>
  <datafield tag="775" ind1="0" ind2=" ">
    <subfield code="6">880-06</subfield>
    <subfield code="t">بداية المجتهد ونهاية المقتصد</subfield>
    <subfield code="d">al-Qāhirah : Dār al-Kutub al-Ḥadīthah, 1975</subfield>
    <subfield code="w">(OCoLC)784311157</subfield>
    <subfield code="w">(OCoLC)784311157</subfield>
    <subfield code="a">Bidāyat al-mujtahid wa-nihāyat al-muqtaṣid</subfield>
  </datafield>
  <datafield tag="775" ind1="0" ind2=" ">
    <subfield code="6">880-07</subfield>
    <subfield code="t">بداية المجتهد ونهاية المقتصد</subfield>
    <subfield code="d">al-Qāhirah : Muḥammad ‘Alī Ṣubayḥ, 1966</subfield>
    <subfield code="w">(OCoLC)b12428255</subfield>
    <subfield code="w">(OCoLC)b12428255</subfield>
    <subfield code="a">Bidāyat al-mujtahid wa-nihāyat al-muqtaṣid</subfield>
  </datafield>
  <datafield tag="775" ind1="0" ind2=" ">
    <subfield code="6">880-08</subfield>
    <subfield code="t">بداية المجتهد ونهاية المقتصد.</subfield>
    <subfield code="b">al-Ṭab‘ah al-ūlá.</subfield>
    <subfield code="d">Bayrūt : Dār ibn Ḥazm</subfield>
    <subfield code="w">(OCoLC)784500590</subfield>
    <subfield code="w">(OCoLC)784500590</subfield>
    <subfield code="a">Bidāyat al-mujtahid wa-nihāyat al-muqtaṣid.</subfield>
  </datafield>
  <datafield tag="775" ind1="0" ind2=" ">
    <subfield code="6">880-09</subfield>
    <subfield code="t">بداية المجتهد ونهاية المقتصد</subfield>
    <subfield code="d">[Bayrūt] : Mu’assasat Naṣir lil-Thaqāfah, [1980]</subfield>
    <subfield code="w">b18272514</subfield>
    <subfield code="a">Bidāyat al-mujtahid wa-nihāyat al-muqtaṣid</subfield>
  </datafield>
  <datafield tag="852" ind1=" " ind2=" ">
    <subfield code="a">Jafet Archives and Special Collections</subfield>
    <subfield code="e">American University of Beirut, Bliss Street , Beirut, Lebanon.</subfield>
  </datafield>
  <datafield tag="880" ind1="0" ind2=" ">
    <subfield code="6">100-01/(3/r</subfield>
    <subfield code="a">إبن رشد,</subfield>
    <subfield code="d">1126-1198،</subfield>
    <subfield code="e">مؤلف. </subfield>
    <subfield code="4">aut.</subfield>
  </datafield>
  <datafield tag="880" ind1="1" ind2="0">
    <subfield code="6">245-02/(3/r</subfield>
    <subfield code="a">كتاب بداية المجتهد ونهاية المقتصد /</subfield>
    <subfield code="c">للشيخ الإمام الحافظ الناقد البحر الزاخر أبي الوليد محمد بن أحمد إبن الإمام الشهير حامل لواء المذهب وحذامه أبي الوليد محمد بن أحمد بن رشد القرطبي.</subfield>
  </datafield>
  <datafield tag="880" ind1="3" ind2="0">
    <subfield code="6">246-03/(3/r</subfield>
    <subfield code="a">بداية المجتهد ونهاية المقتصد</subfield>
  </datafield>
  <datafield tag="880" ind1=" " ind2="1">
    <subfield code="6">264-04/(3/r</subfield>
    <subfield code="a">فاس :</subfield>
    <subfield code="b">المطبعة المولوية،</subfield>
    <subfield code="c">1327 [هـ.]، [1909؟ م.]</subfield>
  </datafield>
  <datafield tag="880" ind1=" " ind2=" ">
    <subfield code="6">300-05/(3/r</subfield>
    <subfield code="a">2 جزء ؛</subfield>
    <subfield code="c">29 سم</subfield>
  </datafield>
  <datafield tag="880" ind1="0" ind2=" ">
    <subfield code="6">775-06/(3/r</subfield>
    <subfield code="a">Bidāyat al-mujtahid wa-nihāyat al-muqtaṣid</subfield>
    <subfield code="d">القاهرة : دار الكتب الحديثة، 1975</subfield>
    <subfield code="w">b1242819x</subfield>
    <subfield code="w">(OCoLC)784311157</subfield>
  </datafield>
  <datafield tag="880" ind1="0" ind2=" ">
    <subfield code="6">775-07/(3/r</subfield>
    <subfield code="a">Bidāyat al-mujtahid wa-nihāyat al-muqtaṣid</subfield>
    <subfield code="d">القاهرة : محمد علي صبيح، 1966</subfield>
    <subfield code="w">b12428255</subfield>
    <subfield code="w">(OCoLC)b12428255</subfield>
  </datafield>
  <datafield tag="880" ind1="0" ind2=" ">
    <subfield code="6">775-08/(3/r</subfield>
    <subfield code="a">Bidāyat al-mujtahid wa-nihāyat al-muqtaṣid.</subfield>
    <subfield code="b">الطبعة الأولى</subfield>
    <subfield code="d">بيروت : دار ابن حزم، 1995</subfield>
    <subfield code="w">b12749084</subfield>
    <subfield code="w">(OCoLC)784500590</subfield>
  </datafield>
  <datafield tag="880" ind1="0" ind2=" ">
    <subfield code="6">775-09/(3/r</subfield>
    <subfield code="a">Bidāyat al-mujtahid wa-nihāyat al-muqtaṣid</subfield>
    <subfield code="d">[بيروت] : مؤسسة ناصر للثقافة، [1980]</subfield>
    <subfield code="w">b18272514</subfield>
  </datafield>
  <datafield tag="880" ind1="0" ind2=" ">
    <subfield code="6">767-10/(3/r</subfield>
    <subfield code="i">ترجم إلى:</subfield>
    <subfield code="t">Distinguished jurist's primer: a translation of Bidayat al-mujtahid.</subfield>
    <subfield code="b">1st ed.</subfield>
    <subfield code="d">London : Center for Muslim Contribution to Civilization, c1994</subfield>
    <subfield code="w">b1356464x</subfield>
    <subfield code="w">(OCoLC)31812369</subfield>
  </datafield>
  <datafield tag="907" ind1=" " ind2=" ">
    <subfield code="a">.b12760559</subfield>
    <subfield code="b">17-01-26</subfield>
    <subfield code="c">11-05-24</subfield>
  </datafield>
  <datafield tag="907" ind1=" " ind2=" ">
    <subfield code="a">.b12760559</subfield>
    <subfield code="b">11-10-11</subfield>
    <subfield code="c">11-05-24</subfield>
  </datafield>
  <datafield tag="945" ind1=" " ind2=" ">
    <subfield code="f">CA</subfield>
    <subfield code="a">349.297:I131bdA:v.1:c.1</subfield>
    <subfield code="i">01064349</subfield>
    <subfield code="j">.i13335315</subfield>
    <subfield code="l">u0304</subfield>
  </datafield>
  <datafield tag="998" ind1=" " ind2=" ">
    <subfield code="a">u03</subfield>
    <subfield code="b">97-11-06</subfield>
    <subfield code="c">m</subfield>
    <subfield code="d">a</subfield>
    <subfield code="e">-</subfield>
    <subfield code="f">ara</subfield>
    <subfield code="g">mr </subfield>
    <subfield code="h">0</subfield>
    <subfield code="i">1</subfield>
  </datafield>
</record>
</collection>
